@article{eigenfaces,
  title={Eigenfaces for recognition},
  author={Turk, Matthew and Pentland, Alex},
  journal={Journal of cognitive neuroscience},
  volume={3},
  number={1},
  pages={71--86},
  year={1991},
  publisher={MIT Press}
}
@book{burden,
  Author = {Richard L. Burden and J. Douglas Faires},
  Title = {Numerical Analysis},
  Publisher = {Brooks Cole},
  Year = {2000},
  ISBN = {},
  URL = {}
}
